%%%% Exemple de référence à un livre :

% the art of software testing
@book{Glenford-04,
author= "Glenford J. Myers",
title= "The Art of Software Testing",
publisher= "John Wiley and Sons, Inc.",
year= "2004"}

% objectorientiertes Testen und ...
@book{Vingenschow-04,
author= "Uwe Vingenschow",
title= "Objectorientiertes Testen und Testautomatisierung in der Praxis",
publisher= "dpunkt.verlag",
year= "2004"}

% medical norm

% FDA

% Unit Tester tutorial

% Rhapsody tutorial

% Test conductor Tutorial

%% papers
% Jim it's Testing C++  but not as we know
%

%%%% Exemple de référence à une thèse :

@phdthesis{PhD-Hecke-96,
author= "M. V. Hecke",
title= "The amplitude description of nonequilibrium patterns",
school= "Universiteit Leiden",
year= "1996"}

%%%% Exemple de références à des articles :

@article{Liu-Ecke-97,
author= "Y. Liu and R. E. Ecke",
title= "Eckhaus-Benjamin-Feir instability in rotating convection",
journal= "Phys. Rev. Lett.",
year= "1997",
volume= "78",
pages= "4391"}

@book{Blaess-05,
author= "C. Blaess",
title= "Programmation système en C sous Linux",
publisher= "Eyrolles",
year= "2005"}


% misc (slides, brochure, ...)
% H=MC^2 for the history part
% hamilton medical brochure
% Ralph Tauber hm future presentation

@misc{lolix-web,
title = {\url{http://www.lolix.org}~},
howpublished = {Site web},
note = {Ce site propose des offres d'emplois relatives aux \logls.}
}

@Misc{gnu,
title =       {\url{http://www.gnu.org/}~},
howpublished = {Site web},
note =        {Le site de la Free Software Foundation.}
}
