@Misc{Locmetrics,
  key = 	 {LOC},
  author = 	 {locmetrics.com},
  title = 	 {LocMetrics - C#, C++, Java, and SQL},
  note =	{LocMetrics counts total lines of code}   	 
}

@Misc{distcc-samba,
  key = 	 {DISTCC-SAMBA},
  author = 	 {http://distcc.samba.org/},
  title = 	 {distcc: a fast, free distributed C/C++ compiler}
}

@Misc{wikipedia,
  key = 	 {WIKI},
  title = 	 {Compile farm},
  note = 	 {http://en.wikipedia.org/wiki/Compile\_farm}
}

@Misc{distcc-gg,
  key = 	 {DISTCC-GG},
  author = 	 {Martin Pool},
  title = 	 {distcc: a fast, free distributed C/C++ compiler},
  note = 	 {http://code.google.com/p/distcc/}
}

@Misc{ccache,
  key = 	 {CCACHE},
  author = 	 {Andrew Tridgell},
  title = 	 {ccache is a compiler cache},
  note = 	 {http://ccache.samba.org/}
}

@Misc{dmucs,
  key = 	 {DMUCS},
  author = 	 {Victor Norman},
  title = 	 {DMUCS – a Distributed Multi-User Compilation System},
  note = 	 {http://dmucs.sourceforge.net/}
}

@TechReport{lca2004,
  author = 	 {	Martin Pool},
  title = 	 {distcc, a fast free distributed compiler},
  institution =  {linux.conf.au, Adelaide, 2004},
  year = 	 {2004},
  key = 	 {LCA2004},
  address = 	 {http://distcc.samba.org/doc/lca2004/distcc-lca-2004.html}
}

@Misc{cygwin,
  Tkey = 	 {CYGWIN},
  note = 	 {http://cygwin.com/}
}